@online{datareportal2024digital,
  title={Digital 2024: Global overview report},
  author={Kemp, Simon},
  journal={Datareportal},
  year={2024},
  url = {https://datareportal.com/reports/digital-2024-global-overview-report},
  urldate = {2024-03-26}

}

@article{luong2023impact,
  title={The impact of the COVID-19 pandemic on daily rhythms},
  author={Luong, Nguyen and Barnett, Ian and Aledavood, Talayeh},
  journal={Journal of the American Medical Informatics Association},
  volume={30},
  number={12},
  pages={1943--1953},
  year={2023},
  publisher={Oxford University Press}
}

@article{ikaheimonen2023niimpy,
  title={Niimpy: A toolbox for behavioral data analysis},
  author={Ik{\"a}heimonen, Arsi and Triana, Ana M and Luong, Nguyen and Ziaei, Amirmohammad and Rantaharju, Jarno and Darst, Richard and Aledavood, Talayeh},
  journal={SoftwareX},
  volume={23},
  pages={101472},
  year={2023},
  publisher={Elsevier}
}

@article{roenneberg2012social,
  title={Social jetlag and obesity},
  author={Roenneberg, Till and Allebrandt, Karla V and Merrow, Martha and Vetter, C{\'e}line},
  journal={Current Biology},
  volume={22},
  number={10},
  pages={939--943},
  year={2012},
  publisher={Elsevier}
}

@article{he-yueyaAssessingRelationshipRoutine2020,
	author = {{He-Yueya}, Joy and Buck, Benjamin and Campbell, Andrew and Choudhury, Tanzeem and Kane, John M. and {Ben-Zeev}, Dror and Althoff, Tim},
	journal = {npj Schizophrenia},
	month = nov,
	number = {1},
	pages = {1--8},
	title = {Assessing the Relationship between Routine and Schizophrenia Symptoms with Passively Sensed Measures of Behavioral Stability},
	volume = {6},
	year = {2020}}



@article{aledavoodDailyRhythmsMobile2015a,
	author = {Aledavood, Talayeh and L{\'o}pez, Eduardo and Roberts, Sam G. B. and {Reed-Tsochas}, Felix and Moro, Esteban and Dunbar, Robin I. M. and Saram{\"a}ki, Jari},
	journal = {PLOS ONE},
	month = sep,
	number = {9},
	pages = {e0138098},
	title = {Daily {{Rhythms}} in {{Mobile Telephone Communication}}},
	volume = {10},
	year = {2015}}



@article{aledavoodDigitalDailyCycles2015,
	author = {Aledavood, Talayeh and Lehmann, Sune and Saram{\"a}ki, Jari},
	journal = {Frontiers in Physics},
	title = {Digital Daily Cycles of Individuals},
	volume = {3},
	year = {2015}}

@article{monk1991social,
  title={The social rhythm metric (SRM): measuring daily social rhythms over 12 weeks},
  author={Monk, Timothy H and Kupfer, David J and Frank, Ellen and Ritenour, Angela M},
  journal={Psychiatry research},
  volume={36},
  number={2},
  pages={195--207},
  year={1991},
  publisher={Elsevier}
}

@article{monk1990social,
  title={The social rhythm metric an instrument to quantify the daily rhythms of life},
  author={Monk, Timothy H and Flaherty, Joseph F and Frank, Ellen and Hoskinson, Kathleen and Kupfer, David J},
  journal={The Journal of nervous and mental disease},
  volume={178},
  number={2},
  pages={120--126},
  year={1990},
  publisher={LWW}
}

@article{monk1994regularity,
  title={Regularity of daily life in relation to personality, age, gender, sleep quality and circadian rhythms},
  author={Monk, Timothy H and Petrie, Susan R and Hayes, Amy J and Kupfer, David J},
  journal={Journal of sleep research},
  volume={3},
  number={4},
  pages={196--205},
  year={1994},
  publisher={Wiley Online Library}
}

@article{saeb2015mobile,
  title={Mobile phone sensor correlates of depressive symptom severity in daily-life behavior: an exploratory study},
  author={Saeb, Sohrab and Zhang, Mi and Karr, Christopher J and Schueller, Stephen M and Corden, Marya E and Kording, Konrad P and Mohr, David C and others},
  journal={Journal of medical Internet research},
  volume={17},
  number={7},
  pages={e4273},
  year={2015},
  publisher={JMIR Publications Inc., Toronto, Canada}
}

@article{saeb2016relationship,
  title={The relationship between mobile phone location sensor data and depressive symptom severity},
  author={Saeb, Sohrab and Lattie, Emily G and Schueller, Stephen M and Kording, Konrad P and Mohr, David C},
  journal={PeerJ},
  volume={4},
  pages={e2537},
  year={2016},
  publisher={PeerJ Inc.}
}

@inproceedings{kulshrestha2021web,
  title={Web routineness and limits of predictability: investigating demographic and behavioral differences using web tracking data},
  author={Kulshrestha, Juhi and Oliveira, Marcos and Kara{\c{c}}al{\i}k, Orkut and Bonnay, Denis and Wagner, Claudia},
  booktitle={Proceedings of the International AAAI Conference on Web and Social Media},
  volume={15},
  pages={327--338},
  year={2021}
}

@article{carney2006daily,
  title={Daily activities and sleep quality in college students},
  author={Carney, Colleen E and Edinger, Jack D and Meyer, Bj{\"o}rn and Lindman, Linda and Istre, Tai},
  journal={Chronobiology international},
  volume={23},
  number={3},
  pages={623--637},
  year={2006},
  publisher={Taylor \& Francis}
}

@article{guillodo2020clinical,
  title={Clinical applications of mobile health wearable--based sleep monitoring: systematic review},
  author={Guillodo, Elise and Lemey, Christophe and Simonnet, Mathieu and Walter, Michel and Baca-Garc{\'\i}a, Enrique and Masetti, Vincent and Moga, Sorin and Larsen, Mark and HUGOPSY Network and Ropars, Juliette and others},
  journal={JMIR mHealth and uHealth},
  volume={8},
  number={4},
  pages={e10733},
  year={2020},
  publisher={JMIR Publications Toronto, Canada}
}

@article{robbins2019sleep,
  title={Sleep tracking: A systematic review of the research using commercially available technology},
  author={Robbins, Rebecca and Seixas, Azizi and Walton Masters, Lillian and Chanko, Nicholas and Diaby, Fatoumata and Vieira, Dorice and Jean-Louis, Girardin},
  journal={Current sleep medicine reports},
  volume={5},
  pages={156--163},
  year={2019},
  publisher={Springer}
}

@article{aledavood2019smartphone,
  title={Smartphone-based tracking of sleep in depression, anxiety, and psychotic disorders},
  author={Aledavood, Talayeh and Torous, John and Triana Hoyos, Ana Maria and Naslund, John A and Onnela, Jukka-Pekka and Keshavan, Matcheri},
  journal={Current psychiatry reports},
  volume={21},
  pages={1--9},
  year={2019},
  publisher={Springer}
}

@article{aledavood2022quantifying,
  title={Quantifying daily rhythms with non-negative matrix factorization applied to mobile phone data},
  author={Aledavood, Talayeh and Kivim{\"a}ki, Ilkka and Lehmann, Sune and Saram{\"a}ki, Jari},
  journal={Scientific reports},
  volume={12},
  number={1},
  pages={5544},
  year={2022},
  publisher={Nature Publishing Group UK London}
}

@article{amon2022flexibility,
  title={Flexibility versus routineness in multimodal health indicators: A sensor-based longitudinal in situ study of information workers},
  author={Amon, Mary Jean and Mattingly, Stephen and Necaise, Aaron and Mark, Gloria and Chawla, Nitesh and Dey, Anind and D'mello, Sidney},
  journal={ACM Transactions on Computing for Healthcare (HEALTH)},
  volume={3},
  number={3},
  pages={1--27},
  year={2022},
  publisher={ACM New York, NY}
}

@article{zuraikat2020sleep,
  title={Sleep regularity and cardiometabolic heath: is variability in sleep patterns a risk factor for excess adiposity and glycemic dysregulation?},
  author={Zuraikat, Faris M and Makarem, Nour and Redline, Susan and Aggarwal, Brooke and Jelic, Sanja and St-Onge, Marie-Pierre},
  journal={Current diabetes reports},
  volume={20},
  pages={1--9},
  year={2020},
  publisher={Springer}
}

@article{bernert2017objectively,
  title={Objectively assessed sleep variability as an acute warning sign of suicidal ideation in a longitudinal evaluation of young adults at high suicide risk},
  author={Bernert, Rebecca A and Hom, Melanie A and Iwata, Naomi G and Joiner, Thomas E},
  journal={The Journal of clinical psychiatry},
  volume={78},
  number={6},
  pages={19738},
  year={2017},
  publisher={Physicians Postgraduate Press, Inc.}
}

@article{kuula2018naturally,
  title={Naturally occurring circadian rhythm and sleep duration are related to executive functions in early adulthood},
  author={Kuula, Liisa and Pesonen, Anu-Katriina and Heinonen, Kati and Kajantie, Eero and Eriksson, Johan Gunnar and Andersson, Sture and Lano, Aulikki and Lahti, Jari and Wolke, Dieter and R{\"a}ikk{\"o}nen, Katri},
  journal={Journal of sleep research},
  volume={27},
  number={1},
  pages={113--119},
  year={2018},
  publisher={Wiley Online Library}
}

@article{buysse1989pittsburgh,
  title={The Pittsburgh Sleep Quality Index: a new instrument for psychiatric practice and research},
  author={Buysse, Daniel J and Reynolds III, Charles F and Monk, Timothy H and Berman, Susan R and Kupfer, David J},
  journal={Psychiatry research},
  volume={28},
  number={2},
  pages={193--213},
  year={1989},
  publisher={Elsevier}
}

@article{heintzelman2019routines,
  title={Routines and meaning in life},
  author={Heintzelman, Samantha J and King, Laura A},
  journal={Personality and social psychology bulletin},
  volume={45},
  number={5},
  pages={688--699},
  year={2019},
  publisher={Sage Publications Sage CA: Los Angeles, CA}
}

@article{margraf2016social,
  title={Social rhythm and mental health: a cross-cultural comparison},
  author={Margraf, J{\"u}rgen and Lavallee, Kristen and Zhang, XiaoChi and Schneider, Silvia},
  journal={PloS one},
  volume={11},
  number={3},
  pages={e0150312},
  year={2016},
  publisher={Public Library of Science San Francisco, CA USA}
}

@article{girardini2023adaptation,
  title={Adaptation of student behavioural routines during Covid-19: a multimodal approach},
  author={Girardini, Nicol{\`o} Alessandro and Centellegher, Simone and Passerini, Andrea and Bison, Ivano and Giunchiglia, Fausto and Lepri, Bruno},
  journal={EPJ Data Science},
  volume={12},
  number={1},
  pages={55},
  year={2023},
  publisher={Springer Berlin Heidelberg}
}

@article{ahas2010daily,
  title={Daily rhythms of suburban commutersâ€™ movements in the Tallinn metropolitan area: Case study with mobile positioning data},
  author={Ahas, Rein and Aasa, Anto and Silm, Siiri and Tiru, Margus},
  journal={Transportation Research Part C: Emerging Technologies},
  volume={18},
  number={1},
  pages={45--54},
  year={2010},
  publisher={Elsevier}
}

@article{song2010limits,
  title={Limits of predictability in human mobility},
  author={Song, Chaoming and Qu, Zehui and Blumm, Nicholas and Barab{\'a}si, Albert-L{\'a}szl{\'o}},
  journal={Science},
  volume={327},
  number={5968},
  pages={1018--1021},
  year={2010},
  publisher={American Association for the Advancement of Science}
}

@article{barnett2018relapse,
  title={Relapse prediction in schizophrenia through digital phenotyping: a pilot study},
  author={Barnett, Ian and Torous, John and Staples, Patrick and Sandoval, Luis and Keshavan, Matcheri and Onnela, Jukka-Pekka},
  journal={Neuropsychopharmacology},
  volume={43},
  number={8},
  pages={1660--1666},
  year={2018},
  publisher={Springer International Publishing Cham}
}

@article{zhou2022predicting,
  title={Predicting psychotic relapse in schizophrenia with mobile sensor data: Routine cluster analysis},
  author={Zhou, Joanne and Lamichhane, Bishal and Ben-Zeev, Dror and Campbell, Andrew and Sano, Akane},
  journal={JMIR mHealth and uHealth},
  volume={10},
  number={4},
  pages={e31006},
  year={2022},
  publisher={JMIR Publications Toronto, Canada}
}

@article{wang2018sensing,
  title={Sensing behavioral change over time: Using within-person variability features from mobile sensing to predict personality traits},
  author={Wang, Weichen and Harari, Gabriella M and Wang, Rui and M{\"u}ller, Sandrine R and Mirjafari, Shayan and Masaba, Kizito and Campbell, Andrew T},
  journal={Proceedings of the ACM on Interactive, Mobile, Wearable and Ubiquitous Technologies},
  volume={2},
  number={3},
  pages={1--21},
  year={2018},
  publisher={ACM New York, NY, USA}
}

@article{aledavood2025multimodal,
  title={Multimodal Digital Phenotyping Study in Patients With Major Depressive Episodes and Healthy Controls (Mobile Monitoring of Mood): Observational Longitudinal Study},
  author={Aledavood, Talayeh and Luong, Nguyen and Baryshnikov, Ilya and Darst, Richard and Heikkil{\"a}, Roope and Holm{\'e}n, Joel and Ik{\"a}heimonen, Arsi and Martikkala, Annasofia and Riihim{\"a}ki, Kirsi and Saleva, Outi and others},
  journal={JMIR Mental Health},
  volume={12},
  pages={e63622},
  year={2025},
  publisher={JMIR Publications Toronto, Canada}
}

@inproceedings{mattingly2019tesserae,
  title={The tesserae project: Large-scale, longitudinal, in situ, multimodal sensing of information workers},
  author={Mattingly, Stephen M and Gregg, Julie M and Audia, Pino and Bayraktaroglu, Ayse Elvan and Campbell, Andrew T and Chawla, Nitesh V and Das Swain, Vedant and De Choudhury, Munmun and D'Mello, Sidney K and Dey, Anind K and others},
  booktitle={Extended Abstracts of the 2019 CHI Conference on Human Factors in Computing Systems},
  pages={1--8},
  year={2019}
}

@article{xu2022globem,
  title={GLOBEM dataset: multi-year datasets for longitudinal human behavior modeling generalization},
  author={Xu, Xuhai and Zhang, Han and Sefidgar, Yasaman and Ren, Yiyi and Liu, Xin and Seo, Woosuk and Brown, Jennifer and Kuehn, Kevin and Merrill, Mike and Nurius, Paula and others},
  journal={Advances in neural information processing systems},
  volume={35},
  pages={24655--24692},
  year={2022}
}

@article{saramaki2014persistence,
  title={Persistence of social signatures in human communication},
  author={Saram{\"a}ki, Jari and Leicht, Elizabeth A and L{\'o}pez, Eduardo and Roberts, Sam GB and Reed-Tsochas, Felix and Dunbar, Robin IM},
  journal={Proceedings of the National Academy of Sciences},
  volume={111},
  number={3},
  pages={942--947},
  year={2014},
  publisher={National Academy of Sciences}
}

@article{luong2024sleep,
  title={Sleep During the COVID-19 Pandemic: Longitudinal Observational Study Combining Multisensor Data With Questionnaires},
  author={Luong, Nguyen and Mark, Gloria and Kulshrestha, Juhi and Aledavood, Talayeh and others},
  journal={JMIR mHealth and uHealth},
  volume={12},
  number={1},
  pages={e53389},
  year={2024},
  publisher={JMIR Publications Inc., Toronto, Canada}
}

@article{hansonSystematicVariabilityRepetitious1988a,
  title = {Systematic Variability in Repetitious Travel},
  author = {Hanson, Susan and Huff, O. James},
  date = {1988-03-01},
  journaltitle = {Transportation},
  shortjournal = {Transportation},
  volume = {15},
  number = {1},
  pages = {111--135},
  issn = {1572-9435},
  doi = {10.1007/BF00167983},
  langid = {english},
  keywords = {Considerable Portion,Empiricism,Episodic Memory,Ethnography,Habituation,Intraindividual Variability,Psychometrics,Quantitative Psychology,Travel Behavior,Travel Pattern,Weekly Cycle},
  file = {/Users/nl/Zotero/storage/JRSY7UIR/Hanson and Huff - 1988 - Systematic variability in repetitious travel.pdf}
}


@article{monkPittsburghSleepDiary1994,
  title = {The {{Pittsburgh Sleep Diary}}},
  author = {Monk, T. H. and Reynolds, C. F. and Kupfer, D. J. and Buysse, D. J. and Coble, P. A. and Hayes, A. J. and Machen, M. A. and Petrie, S. R. and Ritenour, A. M.},
  date = {1994},
  journaltitle = {Journal of Sleep Research},
  shortjournal = {J Sleep Res},
  volume = {3},
  eprint = {11537903},
  eprinttype = {pubmed},
  pages = {111--120},
  issn = {0962-1105},
  langid = {english},
  keywords = {Activities of Daily Living,Activity Cycles,Adult,Age Factors,Aged,Aged 80 and over,Chronobiology Phenomena,Circadian Rhythm,Female,Humans,Male,NASA Discipline Number 00-00,NASA Discipline Regulatory Physiology,NASA Program Flight,Non-NASA Center,Personality,Polysomnography,Reproducibility of Results,Research Design,Sex Factors,Sleep,Sleep Wake Disorders,Surveys and Questionnaires,Wakefulness}
}

@article{soehnerCircadianPreferenceSleepWake2011,
  title = {Circadian {{Preference}} and {{Sleep-Wake Regularity}}: {{Associations With Self-Report Sleep Parameters}} in {{Daytime-Working Adults}}},
  shorttitle = {Circadian {{Preference}} and {{Sleep-Wake Regularity}}},
  author = {Soehner, Adriane M. and , Kathy S., Kennedy and family=Monk, given=Timothy H., prefix=and, useprefix=true},
  date = {2011-11-01},
  journaltitle = {Chronobiology International},
  volume = {28},
  number = {9},
  eprint = {22080786},
  eprinttype = {pubmed},
  pages = {802--809},
  publisher = {Taylor \& Francis},
  issn = {0742-0528},
  doi = {10.3109/07420528.2011.613137},
  keywords = {Chronotype,Human,Regularity,Sleep},
  file = {/Users/nl/Zotero/storage/6E25YBFR/Soehner et al. - 2011 - Circadian Preference and Sleep-Wake Regularity Associations With Self-Report Sleep Parameters in Da.pdf}
}

@article{songLimitsPredictabilityHuman2010,
  title = {Limits of {{Predictability}} in {{Human Mobility}}},
  author = {Song, Chaoming and Qu, Zehui and Blumm, Nicholas and BarabÃ¡si, Albert-LÃ¡szlÃ³},
  date = {2010-02-19},
  journaltitle = {Science},
  volume = {327},
  number = {5968},
  pages = {1018--1021},
  publisher = {American Association for the Advancement of Science},
  doi = {10.1126/science.1177170},
  file = {/Users/nl/Zotero/storage/BJJKPU6Q/Song et al. - 2010 - Limits of Predictability in Human Mobility.pdf}
}


@article{saebMobilePhoneSensor2015a,
  title = {Mobile {{Phone Sensor Correlates}} of {{Depressive Symptom Severity}} in {{Daily-Life Behavior}}: {{An Exploratory Study}}},
  shorttitle = {Mobile {{Phone Sensor Correlates}} of {{Depressive Symptom Severity}} in {{Daily-Life Behavior}}},
  author = {Saeb, Sohrab and Zhang, Mi and Karr, Christopher J. and Schueller, Stephen M. and Corden, Marya E. and Kording, Konrad P. and Mohr, David C.},
  date = {2015-07-15},
  journaltitle = {Journal of Medical Internet Research},
  volume = {17},
  number = {7},
  pages = {e4273},
  publisher = {JMIR Publications Inc., Toronto, Canada},
  doi = {10.2196/jmir.4273},
  langid = {english},
  file = {/Users/nl/Zotero/storage/486FFRUL/Saeb et al. - 2015 - Mobile Phone Sensor Correlates of Depressive Symptom Severity in Daily-Life Behavior An Exploratory.pdf;/Users/nl/Zotero/storage/D27EVWV6/e175.html}
}

@article{cornelissenCosinorbasedRhythmometry2014,
  title = {Cosinor-Based Rhythmometry},
  author = {Cornelissen, Germaine},
  date = {2014-04-11},
  journaltitle = {Theoretical Biology and Medical Modelling},
  shortjournal = {Theor Biol Med Model},
  volume = {11},
  number = {1},
  pages = {16},
  issn = {1742-4682},
  doi = {10.1186/1742-4682-11-16},
  langid = {english},
  keywords = {Cellular Circadian Rhythms,Chronobiology,Chronome,Circadian,Circadian mechanisms,Cosinor,External information,Fourier Analysis,Motion Detection,Regression,Rhythm parameters,Signal Processing,Stationarity,Time Series Analysis},
  file = {/Users/nl/Zotero/storage/W9WBCD77/Cornelissen - 2014 - Cosinor-based rhythmometry.pdf}
}

@article{eagleEigenbehaviorsIdentifyingStructure2009a,
  title = {Eigenbehaviors: Identifying Structure in Routine},
  shorttitle = {Eigenbehaviors},
  author = {Eagle, Nathan and Pentland, Alex Sandy},
  date = {2009-05},
  journaltitle = {Behavioral Ecology and Sociobiology},
  shortjournal = {Behav Ecol Sociobiol},
  volume = {63},
  number = {7},
  pages = {1057--1066},
  issn = {0340-5443, 1432-0762},
  doi = {10.1007/s00265-009-0739-0},
  langid = {english},
  file = {/Users/nl/Zotero/storage/5A2NCUDI/eigenbehaviors.pdf}
}

@article{jiangClusteringDailyPatterns2012,
  title = {Clustering Daily Patterns of Human Activities in the City},
  author = {Jiang, Shan and Ferreira, Joseph and GonzÃ¡lez, Marta C.},
  date = {2012-11-01},
  journaltitle = {Data Mining and Knowledge Discovery},
  shortjournal = {Data Min Knowl Disc},
  volume = {25},
  number = {3},
  pages = {478--510},
  issn = {1573-756X},
  doi = {10.1007/s10618-012-0264-z},
  langid = {english},
  keywords = {Daily activity clustering,Eigen decomposition,Functional clustering,Human activity,Metropolitan area,Public Sociology,Sociological Quantitative Methods,Sociology,Statistical learning,Urban Ethnography,Urban Sociology},
  file = {/Users/nl/Zotero/storage/Z2U9U8YA/Jiang et al. - 2012 - Clustering daily patterns of human activities in the city.pdf}
}

@article{yangIdentifyingLatentActivity2023a,
  title = {Identifying Latent Activity Behaviors and Lifestyles Using Mobility Data to Describe Urban Dynamics},
  author = {Yang, Yanni and Pentland, Alex and Moro, Esteban},
  date = {2023-12-01},
  journaltitle = {EPJ Data Science},
  shortjournal = {EPJ Data Sci.},
  volume = {12},
  number = {1},
  pages = {15},
  publisher = {Springer Berlin Heidelberg},
  issn = {2193-1127},
  doi = {10.1140/epjds/s13688-023-00390-w},
  issue = {1},
  langid = {english},
  file = {/Users/nl/Zotero/storage/TI27QIAA/Yang et al. - 2023 - Identifying latent activity behaviors and lifestyles using mobility data to describe urban dynamics.pdf}
}

@article{girardiniAdaptationStudentBehavioural2023a,
  title = {Adaptation of Student Behavioural Routines during {{Covid-19}}: A Multimodal Approach},
  shorttitle = {Adaptation of Student Behavioural Routines during {{Covid-19}}},
  author = {Girardini, NicolÃ² Alessandro and Centellegher, Simone and Passerini, Andrea and Bison, Ivano and Giunchiglia, Fausto and Lepri, Bruno},
  date = {2023-12-01},
  journaltitle = {EPJ Data Science},
  shortjournal = {EPJ Data Sci.},
  volume = {12},
  number = {1},
  pages = {55},
  publisher = {Springer Berlin Heidelberg},
  issn = {2193-1127},
  doi = {10.1140/epjds/s13688-023-00429-y},
  issue = {1},
  langid = {english},
  file = {/Users/nl/Zotero/storage/W6ZCLJ8B/Girardini et al. - 2023 - Adaptation of student behavioural routines during Covid-19 a multimodal approach.pdf;/Users/nl/Zotero/storage/YZB9P93V/13688_2023_Article_429.html}
}

@article{yan2025relapse,
  title={Relapse prediction using wearable data through convolutional autoencoders and clustering for patients with psychotic disorders},
  author={Yan, April Yujie and Speed, Traci Jenelle and Taylor, Casey Overby},
  journal={Scientific Reports},
  volume={15},
  number={1},
  pages={1--10},
  year={2025},
  publisher={Nature Publishing Group}
}

@article{heydari2018multichannel,
  title={Multichannel social signatures and persistent features of ego networks},
  author={Heydari, Sara and Roberts, Sam G and Dunbar, Robin IM and Saram{\"a}ki, Jari},
  journal={Applied network science},
  volume={3},
  number={1},
  pages={1--13},
  year={2018},
  publisher={Springer}
}

@article{song2010modelling,
  title={Modelling the scaling properties of human mobility},
  author={Song, Chaoming and Koren, Tal and Wang, Pu and Barab{\'a}si, Albert-L{\'a}szl{\'o}},
  journal={Nature physics},
  volume={6},
  number={10},
  pages={818--823},
  year={2010},
  publisher={Nature Publishing Group UK London}
}

@article{alessandretti2020scales,
  title={The scales of human mobility},
  author={Alessandretti, Laura and Aslak, Ulf and Lehmann, Sune},
  journal={Nature},
  volume={587},
  number={7834},
  pages={402--407},
  year={2020},
  publisher={Nature Publishing Group UK London}
}

@inproceedings{malmi2016you,
  title={You are what apps you use: Demographic prediction based on user's apps},
  author={Malmi, Eric and Weber, Ingmar},
  booktitle={Proceedings of the international AAAI conference on Web and social media},
  volume={10},
  number={1},
  pages={635--638},
  year={2016}
}

@article{lin1991divergence,
  author       = {Jianhua Lin},
  title        = {Divergence Measures Based on the {{Shannon}} Entropy},
  journal      = {IEEE Transactions on Information Theory},
  year         = {1991},
  volume       = {37},
  number       = {1},
  pages        = {145--151},
  doi          = {10.1109/18.61115}
}

@article{farrahiDiscoveringRoutinesLargescale2011,
  title = {Discovering Routines from Large-Scale Human Locations Using Probabilistic Topic Models},
  author = {Farrahi, Katayoun and Gatica-Perez, Daniel},
  date = {2011-01-24},
  journaltitle = {ACM Trans. Intell. Syst. Technol.},
  volume = {2},
  number = {1},
  pages = {3:1--3:27},
  issn = {2157-6904},
  doi = {10.1145/1889681.1889684},
  file = {/Users/nl/Zotero/storage/FI3233L3/Farrahi and Gatica-Perez - 2011 - Discovering routines from large-scale human locations using probabilistic topic models.pdf}
}

@inproceedings{farrahiWhatDidYou2008,
  title = {What Did You Do Today? Discovering Daily Routines from Large-Scale Mobile Data},
  shorttitle = {What Did You Do Today?},
  booktitle = {Proceedings of the 16th {{ACM}} International Conference on {{Multimedia}}},
  author = {Farrahi, Katayoun and Gatica-Perez, Daniel},
  date = {2008-10-26},
  series = {{{MM}} '08},
  pages = {849--852},
  publisher = {Association for Computing Machinery},
  location = {New York, NY, USA},
  doi = {10.1145/1459359.1459503},
  isbn = {978-1-60558-303-7},
  file = {/Users/nl/Zotero/storage/5BY6VUAA/Farrahi and Gatica-Perez - 2008 - What did you do today discovering daily routines from large-scale mobile data.pdf}
}

@article{kosinski2013private,
  title={Private traits and attributes are predictable from digital records of human behavior},
  author={Kosinski, Michal and Stillwell, David and Graepel, Thore},
  journal={Proceedings of the national academy of sciences},
  volume={110},
  number={15},
  pages={5802--5805},
  year={2013},
  publisher={National Academy of Sciences}
}

@article{alessandrettiUnderstandingInterplaySocial2018,
  title = {Understanding the Interplay between Social and Spatial Behaviour},
  author = {Alessandretti, Laura and Lehmann, Sune and Baronchelli, Andrea},
  date = {2018-12},
  journaltitle = {EPJ Data Science},
  shortjournal = {EPJ Data Sci.},
  volume = {7},
  number = {1},
  pages = {1--17},
  publisher = {SpringerOpen},
  issn = {2193-1127},
  doi = {10.1140/epjds/s13688-018-0164-6},
  langid = {english},
  file = {/Users/nl/Zotero/storage/GWFEWEJI/Alessandretti et al. - 2018 - Understanding the interplay between social and spatial behaviour.pdf}
}

@inproceedings{barbosa2016returners,
  title={Returners and explorers dichotomy in web browsing behaviorâ€”a human mobility approach},
  author={Barbosa, Hugo S and de Lima Neto, Fernando B and Evsukoff, Alexandre and Menezes, Ronaldo},
  booktitle={Complex networks VII: proceedings of the 7th workshop on complex networks CompleNet 2016},
  pages={173--184},
  year={2016},
  organization={Springer}
}

@inproceedings{hu2018life,
  title={Life in the" matrix": human mobility patterns in the cyber space},
  author={Hu, Tianran and Luo, Jiebo and Liu, Wei},
  booktitle={Proceedings of the International AAAI Conference on Web and Social Media},
  volume={12},
  number={1},
  year={2018}
}

@article{loriteLongTermEvolutionEmail2016,
  title = {Long-{{Term Evolution}} of {{Email Networks}}: {{Statistical Regularities}}, {{Predictability}} and {{Stability}} of {{Social Behaviors}}},
  shorttitle = {Long-{{Term Evolution}} of {{Email Networks}}},
  author = {Godoy-Lorite, Antonia and GuimerÃ , Roger and Sales-Pardo, Marta},
  date = {2016-01-06},
  journaltitle = {PLOS ONE},
  shortjournal = {PLOS ONE},
  volume = {11},
  number = {1},
  pages = {e0146113},
  publisher = {Public Library of Science},
  issn = {1932-6203},
  doi = {10.1371/journal.pone.0146113},
  langid = {english},
  keywords = {Convolution,Entropy,Forecasting,Machine learning,Network analysis,Probability density,Social communication,Social networks},
  file = {/Users/nl/Zotero/storage/58QUCLFT/Godoy-Lorite et al. - 2016 - Long-Term Evolution of Email Networks Statistical Regularities, Predictability and Stability of Soc.pdf}
}

@article{petersSocialMediaUse2024,
  title = {Social Media Use Is Predictable from App Sequences: {{Using LSTM}} and Transformer Neural Networks to Model Habitual Behavior},
  shorttitle = {Social Media Use Is Predictable from App Sequences},
  author = {Peters, Heinrich and Bayer, Joseph B. and Matz, Sandra C. and Chi, Yikun and Vaid, Sumer S. and Harari, Gabriella M.},
  date = {2024-12-01},
  journaltitle = {Computers in Human Behavior},
  shortjournal = {Computers in Human Behavior},
  volume = {161},
  pages = {108381},
  issn = {0747-5632},
  doi = {10.1016/j.chb.2024.108381},
  keywords = {Habits,LSTM,Neural networks,Social media,Transformer,User modeling},
  file = {/Users/nl/Zotero/storage/V2ZF7RYV/Peters et al. - 2024 - Social media use is predictable from app sequences Using LSTM and transformer neural networks to mo.pdf;/Users/nl/Zotero/storage/DMAXAT9B/S0747563224002498.html}
}

@article{centellegherPersonalityTraitsEgonetwork2017,
  title = {Personality Traits and Ego-Network Dynamics},
  author = {Centellegher, Simone and LÃ³pez, Eduardo and SaramÃ¤ki, Jari and Lepri, Bruno},
  date = {2017-03-02},
  journaltitle = {PLOS ONE},
  shortjournal = {PLOS ONE},
  volume = {12},
  number = {3},
  pages = {e0173110},
  publisher = {Public Library of Science},
  issn = {1932-6203},
  doi = {10.1371/journal.pone.0173110},
  langid = {english},
  keywords = {Cell phones,Emotions,Interpersonal relationships,Kernel functions,Personality,Personality traits,Probability density,Social communication},
  file = {/Users/nl/Zotero/storage/VXUVFCXP/Centellegher et al. - 2017 - Personality traits and ego-network dynamics.pdf}
}

@article{rammstedt2007measuring,
  title={Measuring personality in one minute or less: A 10-item short version of the Big Five Inventory in English and German},
  author={Rammstedt, Beatrice and John, Oliver P},
  journal={Journal of research in Personality},
  volume={41},
  number={1},
  pages={203--212},
  year={2007},
  publisher={Elsevier}
}

@article{costa1992neo,
  title={Neo PI-R professional manual},
  author={Costa, Paul},
  journal={Psychological assessment resources},
  year={1992}
}

@article{ferreiraAWAREMobileContext2015,
  title = {{{AWARE}}: {{Mobile Context Instrumentation Framework}}},
  shorttitle = {{{AWARE}}},
  author = {Ferreira, Denzil and Kostakos, Vassilis and Dey, Anind K.},
  date = {2015-04-20},
  journaltitle = {Frontiers in ICT},
  shortjournal = {Front. ICT},
  volume = {2},
  publisher = {Frontiers},
  issn = {2297-198X},
  doi = {10.3389/fict.2015.00006},
  langid = {english},
  keywords = {Context-Aware Systems,ESM,mobile questionnaires,Mobile sensing,mobile toolkit,Ubiquitous data capture framework,user studies},
  file = {/Users/nl/Zotero/storage/ZXP5GMAU/Ferreira et al. - 2015 - AWARE Mobile Context Instrumentation Framework.pdf}
}
